<record><leader>00000cas a22000007a 4500</leader><controlfield tag="001">34203759</controlfield><controlfield tag="008">960216d19uu1929okuwr n       0    0eng d</controlfield><datafield ind1=" " ind2=" " tag="010"><subfield code="a">sn 96087539 </subfield></datafield><datafield ind1=" " ind2=" " tag="040"><subfield code="a">OBN</subfield><subfield code="b">eng</subfield><subfield code="c">OBN</subfield><subfield code="d">OCLCQ</subfield><subfield code="d">OCLCF</subfield><subfield code="d">OCLCO</subfield></datafield><datafield ind1="1" ind2=" " tag="029"><subfield code="a">AU@</subfield><subfield code="b">000025919940</subfield></datafield><datafield ind1=" " ind2=" " tag="042"><subfield code="a">msc</subfield></datafield><datafield ind1=" " ind2=" " tag="043"><subfield code="a">n-us-ok</subfield></datafield><datafield ind1="0" ind2="4" tag="245"><subfield code="a">The County democrat-news.</subfield></datafield><datafield ind1="3" ind2=" " tag="246"><subfield code="a">Tri-county news</subfield></datafield><datafield ind1=" " ind2=" " tag="260"><subfield code="a">Sapulpa, Creek County, Okla. :</subfield><subfield code="b">E.M. Scaggs</subfield></datafield><datafield ind1=" " ind2=" " tag="300"><subfield code="a">v.</subfield></datafield><datafield ind1=" " ind2=" " tag="310"><subfield code="a">Weekly</subfield></datafield><datafield ind1="1" ind2=" " tag="362"><subfield code="a">Ceased in 1929.</subfield></datafield><datafield ind1=" " ind2=" " tag="588"><subfield code="a">Description based on: Vol. 9, no. 42 (July 16, 1920).</subfield></datafield><datafield ind1=" " ind2="0" tag="651"><subfield code="a">Sapulpa (Okla.)</subfield><subfield code="v">Newspapers.</subfield></datafield><datafield ind1=" " ind2="0" tag="651"><subfield code="a">Creek County (Okla.)</subfield><subfield code="v">Newspapers.</subfield></datafield><datafield ind1=" " ind2="7" tag="655"><subfield code="a">Newspapers.</subfield><subfield code="2">fast</subfield><subfield code="0">(OCoLC)fst01423814</subfield></datafield><datafield ind1=" " ind2="7" tag="651"><subfield code="a">Oklahoma</subfield><subfield code="z">Creek County.</subfield><subfield code="2">fast</subfield><subfield code="0">(OCoLC)fst01221598</subfield></datafield><datafield ind1=" " ind2="7" tag="651"><subfield code="a">Oklahoma</subfield><subfield code="z">Sapulpa.</subfield><subfield code="2">fast</subfield><subfield code="0">(OCoLC)fst01220630</subfield></datafield><datafield ind1=" " ind2=" " tag="752"><subfield code="a">United States</subfield><subfield code="b">Oklahoma</subfield><subfield code="c">Creek</subfield><subfield code="d">Sapulpa.</subfield></datafield><datafield ind1="0" ind2="0" tag="780"><subfield code="t">Kiefer chronicle</subfield><subfield code="w">(DLC)sn 96087542</subfield><subfield code="w">(OCoLC)34204582</subfield></datafield><datafield ind1="0" ind2="5" tag="780"><subfield code="t">Tri-county news</subfield><subfield code="w">(DLC)sn 96087507</subfield><subfield code="w">(OCoLC)34181074</subfield></datafield><datafield ind1="0" ind2="5" tag="780"><subfield code="t">Creek county republican</subfield><subfield code="w">(DLC)sn9608007540</subfield><subfield code="w">(OCoLC)34203843</subfield></datafield><datafield ind1="0" ind2="0" tag="785"><subfield code="t">Democrat news</subfield><subfield code="w">(DLC)sn 96087541</subfield><subfield code="w">(OCoLC)34203912</subfield></datafield></record>